This file was created with JabRef 1.8.1.
Encoding: UTF8

@Online{feature_selection_2017-01-04, title = {An Introduction to Variable and Feature Selection}, author = {Isabelle Guyon and Andr√© Elisseeff}, organization = {}, file = {:./references/guyon03a.dvi - guyon03a.pdf.html:html}, url = {http://www.jmlr.org/papers/volume3/guyon03a/guyon03a.pdf}, urldate = {2017-01-04} }
